@article{sibson1973slink,
  title={SLINK: an optimally efficient algorithm for the single-link cluster method},
  author={Sibson, Robin},
  journal={The Computer Journal},
  volume={16},
  number={1},
  pages={30--34},
  year={1973},
  publisher={Br Computer Soc}
}

@inproceedings{arthur2007k,
  title={k-means++: The advantages of careful seeding},
  author={Arthur, David and Vassilvitskii, Sergei},
  booktitle={Proceedings of the eighteenth annual ACM-SIAM symposium on Discrete algorithms},
  pages={1027--1035},
  year={2007},
  organization={Society for Industrial and Applied Mathematics}
}

@article{Joy12,
  author = 	 {Joy Chen, and Ryan Compton, and Aprana Das, and Yi Huang, and Stephen Kobourov, and Paul Shen, and Sankar Veeramoni, and Yunhao Yu},
  title = 	 {Angry Ants: A Citizen Science Approach to Computing Accurate Averge Trajectories},
  journal = 	 {arXiv: 1212.0935vl [cs.CG]},
  year = 	 {2012},
}

@article{Yilmaz06,
 author = {Alper Yilmaz, and Omar Javed, and Mubarak Shah},
 title = {Object tracking: A survey},
 journal = {ACM Comput. Surv.},
 issue_date = {2006},
 volume = {38},
 number = {4},
 month = dec,
 year = {2006},
 issn = {0360-0300},
 articleno = {13},
 url = {http://doi.acm.org/10.1145/1177352.1177355},
 doi = {10.1145/1177352.1177355},
 acmid = {1177355},
 publisher = {ACM},
 address = {New York, NY, USA},
 keywords = {Appearance models, contour evolution, feature selection, object detection, object representation, point tracking, shape tracking},
}

@INPROCEEDINGS{Maitra09, 
author={Maitra, P. and Schneider, S. and Shin, M.C.}, 
booktitle={Applications of Computer Vision (WACV), 2009 Workshop on}, title={Robust bee tracking with adaptive appearance template and geometry-constrained resampling}, 
year={2009}, 
month={dec.}, 
volume={}, 
number={}, 
pages={1 -6}, 
keywords={Abdomen;Animals;Biological system modeling;Cameras;Filtering;Insects;Labeling;Optical reflection;Particle tracking;Robustness;Gaussian processes;computer vision;mean square error methods;tracking;Gaussian modeling;RMSE;adaptive appearance template;geometry-constrained resampling;particle filtering;robust bee tracking;static appearance templates;unreliable features handling;}, 
doi={10.1109/WACV.2009.5403051}, 
ISSN={1550-5790},}

@INPROCEEDINGS{Fletcher11, 
author={Fletcher, M. and Dornhaus, A. and Shin, M.C.}, 
booktitle={Applications of Computer Vision (WACV), 2011 IEEE Workshop on}, title={Multiple ant tracking with global foreground maximization and variable target proposal distribution}, 
year={2011}, 
month={jan.}, 
volume={}, 
number={}, 
pages={570 -576}, 
keywords={Color;Markov processes;Mathematical model;Pixel;Proposals;Target tracking;Markov processes;computer graphics;hidden feature removal;object detection;optimisation;target tracking;Markov chain length;automatic tracking;behavior analysis;foreground pixels;global foreground maximization;motion analysis;multiple ant tracking;occlusion;perturbed ant selection;social insects;variable target proposal distribution;}, 
doi={10.1109/WACV.2011.5711555}, 
ISSN={1550-5790},}

@INPROCEEDINGS{Poff12, 
author={Poff, C. and Nguyen, H. and Kang, T. and Shin, M.C.}, 
booktitle={Applications of Computer Vision (WACV), 2012 IEEE Workshop on}, title={Efficient tracking of ants in long video with GPU and interaction}, 
year={2012}, 
month={jan.}, 
volume={}, 
number={}, 
pages={57 -62}, 
keywords={Accuracy;Adaptation models;Color;Graphics processing unit;Insects;Target tracking;graphics processing units;video signal processing;GPU optimization;ants tracking video;automated tracking methods;user correction;user validation;}, 
doi={10.1109/WACV.2012.6163046}, 
ISSN={1550-5790},}

@INPROCEEDINGS{Zuria08, 
author={Zuriarrain, I. and Lerasle, F. and Arana, N. and Devy, M.}, 
booktitle={Pattern Recognition, 2008. ICPR 2008. 19th International Conference on}, title={An MCMC-based particle filter for multiple person tracking}, 
year={2008}, 
month={dec.}, 
volume={}, 
number={}, 
pages={1 -4}, 
keywords={Field programmable gate arrays;Humans;Monte Carlo methods;Particle filters;Particle tracking;Proposals;Smart cameras;State estimation;Target tracking;Video surveillance;Markov processes;Monte Carlo methods;particle filtering (numerical methods);target tracking;video surveillance;Markov chain Monte Carlo based particle filter;multiple person tracking;networked intelligent cameras;video surveillance;}, 
doi={10.1109/ICPR.2008.4761045}, 
ISSN={1051-4651},}

@MISC{Morris,
    author = {Scott Morris and Kobus Barnard},
    title = {Finding Trails},
    year = {}
}

@article{Driemel10,
  author    = {Anne Driemel and
               Sariel Har-Peled and
               Carola Wenk},
  title     = {Approximating the Fr{\'e}chet Distance for Realistic
               Curves in Near Linear Time},
  journal   = {CoRR},
  volume    = {abs/1003.0460},
  year      = {2010},
  ee        = {http://arxiv.org/abs/1003.0460},
  bibsource = {DBLP, http://dblp.uni-trier.de}
}

@MISC{Alt03,
    author = {Helmut Alt and Alon Efrat and Gunter Rote and Carola Wenk},
    title = {Matching Planar Maps},
    year = {2003}
}

@INPROCEEDINGS{Buchin09,
    author = {Kevin Buchin and Maike Buchin and Yusu Wang},
    title = {Exact Algorithm for Partial Curve Matching via the Fr√©chet Distance},
    booktitle = {Proc. 20th ACM-SIAM Symposium on Discrete Algorithms},
    year = {2009}
}

@inproceedings{Buchin10,
 author = {Buchin, Kevin and Buchin, Maike and Van Kreveld, Marc and L\"{o}ffler, Maarten and Silveira, Rodrigo I. and Wenk, Carola and Wiratma, Lionov},
 title = {Median trajectories},
 booktitle = {Proceedings of the 18th annual European conference on Algorithms: Part I},
 series = {ESA'10},
 year = {2010},
 isbn = {3-642-15774-2, 978-3-642-15774-5},
 location = {Liverpool, UK},
 pages = {463--474},
 numpages = {12},
 url = {http://dl.acm.org/citation.cfm?id=1888935.1888989},
 acmid = {1888989},
 publisher = {Springer-Verlag},
 address = {Berlin, Heidelberg},
}

@article{Anson10,
author = {E. Anson and G. Myers},
title = {{An Algorithm for Whole Genome Shotgun Sequencing}},
masid = {10660706}
}

@article{Blum2008ant,
 author = {Blum, Christian and Vall\`{e}s, Mateu Y\'{a}bar and Blesa, Maria J.},
 title = {An ant colony optimization algorithm for DNA sequencing by hybridization},
 journal = {Comput. Oper. Res.},
 issue_date = {November, 2008},
 volume = {35},
 number = {11},
 month = nov,
 year = {2008},
 issn = {0305-0548},
 pages = {3620--3635},
 numpages = {16},
 url = {http://dx.doi.org/10.1016/j.cor.2007.03.007},
 doi = {10.1016/j.cor.2007.03.007},
 acmid = {1360754},
 publisher = {Elsevier Science Ltd.},
 address = {Oxford, UK, UK},
 keywords = {Ant colony optimization, DNA sequencing by hybridization, Multi-level techniques},
} 

@article{Li2008map,
title={Mapping short DNA sequencing reads and calling variants using mapping quality scores.},
author={Li, H. and Ruan, J. and Durbin, R.},
journal={Genome Res},
volume={18},
number={11},
pages={1851-8},
year={2008},
}

@INPROCEEDINGS{Cruz13,
    author = {Livio De La Cruz and Stephen Kobourov and Sergey Pupyrev and Paul Shen and Sankar Veeramoni},
    title = {Angry Ants: An Approach for the Accurate Average Trajectories using Citizen Science},
    booktitle = {Submitted to European Symposium on Algorithms ESA 2013},
    year = {2013}
}

@misc{Scipy,
title = {Scipy - Open Source Library of Scientific Tools},
url = {www.scipy.org},
}

@misc{LEMON,
title = {LEMON Graph Library},
url = {http://lemon.cs.elte.hu/trac/lemon},
}



%MDAL
@article{Dong12,
  author = 	 {Bin Dong and Yong Zhang},
  title = 	 {An Efficient Algorithm for $\ell_0$ Minimization in Wavelet Fram Based Image Restoration},
  journal = 	 {Journal of Scientific Computing},
  year = 	 {2012},
}

@article{Wan02,
  author = 	 {Yi Wan},
  title = 	 {Wavelet-based Signal Modeling and Processing Algortihms with Applications},
  journal = 	 {PhD Thesis Rice Univeristy},
  year = 	 {2002},
}

@article{Dau,
  author = 	 {Ingrid Daubechies and Bin Han},
  title = 	 {The Canonical Dual Frame of a Wavelet Frame},
  journal = 	 {Appl. Comput. Harmon. Anal},
  year = 	 {},
  volume =     {12},
  pages =       {269-285}
}

@MISC{Cai09,
  author = 	 {Jian-feng Cai and Stanley Osher and Zuowei Shen},
  title = 	 {Split Bergman methods and frame based image restoration},
  year = 	 {2009},
}

@article{ZDL11,
  author = 	 {Yong Zhang and Bin Dong and Zhaosong Lu},
  title = 	 {$\ell_0$ Minimization of wavelet frame based image restoration},
  journal = 	 {Mathematics of Computation},
  year = 	 {2011}
}


%COding theory
@article{Shannon48,
  author = 	 {Claude E. Shannon},
  title = 	 {A Mathematical Theory of Communication},
  journal = 	 {The Bell System Technical Journal},
  year = 	 {1948},
  volume = 	 {27},
  pages=        {379-423, 623-656}
}

@MISC{Pinch97,
  author = 	 {Richard Pinch},
  title = 	 {Coding Theory: The First 50 Years},
  journal = 	 {Plus Magazine},
  year = 	 {1997},
  volume = 	 {3},
howpublished={\url{http://plus.maths.org/content/os/issue3/codes/index}}
}

@inproceedings{Hamdani207,
  author = 	 {Deny Hamdani, and Wolfgang Endmann, and Ruediger Kays},
  title = 	 {Measuring Performance of LDPC Codes with Girth Degree},
  journal = 	 {Proceedings of the International Conference on Electrical Engineering and Informatics},
  year = 	 {2007}
}

@MISC{Hall01,
  author = 	 {Jonathan Hall},
  title = 	 {Notes on Coding Theory},
  year = 	 {2001},
  pages=        {1-14},
 howpublished={\url{http://www.mth.msu.edu/~jhall/classes/codenotes/Intro.pdf}}

}

@MISC{Leiner05,
  author = 	 {Bernhard M.J. Leiner},
  title = 	 {LDPC Codes: A Brief Tutorial},
  year = 	 {2005},
 howpublished={\url{http://www2.engr.arizona.edu/~ece506/readings/project-reading/5-ldpc/LDPC_Intro.pdf}}
}

@article{Craddock06,
  author = 	 {John Craddock, and Mark Flanagan, and Anthony Fagan},
  title = 	 {Construction of Girth 8 LDPC Codes based on Finite Geometries},
  journal = 	 {Irish Signals and Systems Conference},
  year = 	 {2006},
}

@book{Cover91,
author = {Thomas M. Cover and Joy A. Thomas},
title = {Elements of Information Theory},
publisher = {John Wiley and Sons, Inc.},
year = {1991},
pages = {183-185},
}

@MISC{Doe:2009:Misc,
author = {Doe, George},
title = {This is a test test entry of type {@MISC} and `howpublished'},
month = jun,
year = {2009},
howpublished={\url{http://www.test.org/doe/}}
}

@misc{WXRCT,
title = {X-ray computer tomography},
%howpublished = {\url{http://en.wikipedia.org/wiki/X-ray_computed_tomography}},
author = {unknown}
}

@article{Hristova08,
  author = 	 {Claude E. Shannon},
  title = 	 {Reconstruction and time reversal in thermoacoustic tomography in acoustically homogeneous and inhomogeneous media},
  journal = 	 {Inverse Problems},
  year = 	 {2008},
  volume = 	 {24}
}

@book{Kuch,
author = {Peter Kuchment and Leonid Kunyansky},
title = {Mathematics of Photoacoustic and Thermoacoustic Tomography},
publisher = {unknown},
year = {unknown}
}

@article{Cox07,
  author = 	 {BT Cox and SR Arridge and PC Beard},
  title = 	 {Photoacoustic tomography with a limited-aperture planar sensor and a reverberant cavity},
  journal = 	 {Inverse Problems},
  year = 	 {2007},
  volume = 	 {23}
}

@article{Cox08,
  author = 	 {BT Cox and PC Beard},
  title = 	 {Photoacoustic tomography with a single detector in a reverberant cavity},
  journal = 	 {Journal of the Acoustical Society of America},
  year = 	 {2008},
  volume = 	 {125},
  pages = {1426--1436}
}

@article{Duijndam99,
  author = 	 {AJW Duijndam and MA Schonewille},
  title = 	 {Nonuniform fast Fourier transform},
  journal = 	 {Geophysics},
  year = 	 {1999},
  volume = 	 {64},
  pages = {539--551}
}

@article{Dutt93,
  author = 	 {A Dutt and V Rokhlin},
  title = 	 {Fast Fourier Transform for Nonequispaced Data},
  journal = 	 {SIAM Journal of Scientific Computing},
  year = 	 {1993},
  volume = 	 {14},
  pages = {1368--1393}
}
%from here down to the next % are all citings for images in my presentation for my second semester research project at the UA, Spring 2012.
@misc{GHDP,
author = {Greg Hickok and David Poeppel},
Title = {Talking Brains},
howpublished = {\url{http://www.talkingbrains.org/2009_08_01_archive.html}}}

@misc{BC,
title = {The Phyllode Tumor of the Breast},
howpublished = {\url{http://breast-cancer.ca/type/phyllodes-breast-tumor.htm}}}

@misc{UNR,
title = {Unruly},
howpublished = {\url{http://www.unruly.ca/?cat=36}}}

@misc{WPAT,
title = {Photoacoustic imaging in biomedicine},
howpublished = {\url{http://en.wikipedia.org/wiki/Photoacoustic_imaging_in_biomedicine}}}

@misc{WT,
title = {Tomography},
howpublished = {\url{http://en.wikipedia.org/wiki/Tomography}}}

%from here down to the next % are all citings for images in my presentation for my lab research project at the UA, Fall 2011.
@misc{ws1,
Title = {Pressure Rheology},
howpublished = {\url{http://www.wee-solve.de/English/Rheologie/Methoden/Druckrheologie.htm}} }

@misc{ws2,
author = {Allen Inversin},
Title = {Hydraulic Ram},
howpublished = {\url{http://www.cd3wd.com/cd3wd_40/vita/hydraram/en/hydraram.htm}} }

@misc{ws3,
Title = {Ball rolling down an incline},
howpublished = {\url{http://twistedone151.wordpress.com/2008/02/22/physics-friday-9/}} }

@misc{ws4,
author = {USDA Forest Service},
Title = {Geomorphic Road Analysis and Inventory Package},
howpublished = {\url{http://twistedone151.wordpress.com/2008/02/22/physics-friday-9/}} }

@misc{ws5,
Title = {Association of Environmental and Engineering Gegologists},
howpublished = {\url{http://www.aegweb.org/i4a/pages/index.cfm?pageid=4073}} }

%%%%%%%%%%%%%%%%%

@article{Bico09,
  author = 	 {J. Bico and J. Ashmore-Chakrabarty and G.H. McKinlet and H.A. Stone},
  title = 	 {Rolling stones: The motion of a sphere down an inclined plane coated with a thin liquid film.},
  journal = 	 {Physics of Fluids},
  year = 	 {2009},
  volume = 	 {21},
  pages = 	 {1--8}
}

@article{Chhabra99,
  author = 	 {R.P. Chhabra and J.M. Ferreira},
  title = 	 {An analytical study of the motion of a sphere rolling down a smooth inclined plane in an incompressible Newtonian fluid.},
  journal = 	 {Powder Technology},
  year = 	 {1999},
  volume = 	 {104},
  pages = 	 {130--138}
}

@article{Ashmore05,
  author = 	 {J. Ashmore and C. del Pino and T. Mullin},
  title = 	 {Cavitation in a lubrication flow between a moving sphere and a boundary.},
  journal = 	 {Physical Review Letters},
  year = 	 {2005},
  volume = 	 {94}
}

@article{Liu93,
  author = 	 {Y.J. Liu and J. Nelson and J. Feng and D.D. Joseph},
  title = 	 {Anomalous rolling of spheres down an inclined plane.},
  journal = 	 {Journal of Non-Newtonian Fluid Mechanics},
  year = 	 {1993},
  volume = 	 {50},
  pages = 	 {305-329}
}

@article{Jalaal10,
  author = 	 {M. Jalaal and D.D. Ganji },
  title = 	 {An analytical study on motion of a sphere rolling down an inclined plane submerged in a Newtonian fluid.},
  journal = 	 {Powder Technology},
  year = 	 {2010},
  volume = 	 {198},
  pages = 	 {82--92}
}

@article{Zhao02,
  author = 	 {Yu. Zhao and Kevin P. Galvin and Robert H. Davis},
  title = 	 {Motion of a sphere down a rough plane in a viscous fluid.},
  journal = 	 {International Journal of Multiphase Flow},
  year = 	 {2002},
  volume = 	 {28},
  pages = 	 {1787--1800}
}

@article{Oneill64,
  author = 	 {M.E. O'Neill},
  title = 	 {A Slow motion of viscous liquid caused by a slowly moving solid sphere.},
  journal = 	 {Mathematika},
  year = 	 {1964},
  volume = 	 {11},
  pages = 	 {67-77}
}

@book{Galilei14,
author = {G. Galilei},
title = {Dialogues Concerning Two New Sciences},
publisher = {Macmillan},
year = {1914}
}

@article{Jan97,
  author = 	 {C.D. Jan and J.C. Chen},
  title = 	 {Movements of a sphere rolling down an inclined plane.},
  journal = 	 {Journal of Hydraulic Res.},
  year = 	 {1997},
  volume = 	 {35},
  pages = 	 {6--15}
}

@article{1661-1672,
    author = "Rui-ming Yao and Li-jun Bo",
    title = "Discontinuous Galerkin method for elliptic stochastic partial differential equations on two and three dimensional spaces",
    journal = "Science in China Series A: Mathematics",
    volume = "50",
    number = "11",
    year = "2007"
    }
    
@article{8730,
    title = "MA28-A Set of Fortran Subroutines for Sparse Unsymmetric Linear Equations",
    journal = "AERE Harwell Laboratories",
    number = "Report No. AERE-R. 8730"
    }
    
@article{0163-5778,
    author = "Alan George and Esmond Ng",
    title = "A new release of SPARSPAK: the Waterloo sparse matrix package",
    journal = "ACM SIGNUM Newsletter",
    volume = "19",
    number = "4",
    year = "1984"
    }
    
@article{BS1973,
    author = "F. Black and M. Scholes",
    title = "The pricing options and corporate liabilities",
    journal = "Journal of Political Economy",
    volume = "81",
    year = "1973",
    pages = "637-659"
    }
    
@article{NN2010,
    author = "Niels Nygaard",
    title = "Introduction to Stochastic Process",
    journal = "University of Chicago",
    note  = "Lecture notes"
    }
    
 @article{EC2007,
    author = "Edward Crane",
    title = "A bound for Smale's mean value conjecture for complex polynomials",
    journal = "Bulletin of the London Mathematical Society",
    volume = "39",
    number = "5",
    year = "2007",
    pages = "781-791"
    }
    
 @article{SM2007,
    author = "Blagovest Sendov and Pencho Marinov",
    title = "Verification of Smale's mean value conjecture for $n\leq 10$",
    journal = "Bulgarian Academy of Sciences",
    volume = "60",
    number = "11",
    year = "2007",
    pages = "1151-1156"
    }
    
 @article{GS2002,
    author = "G. Schmeisser",
    title = "The conjectures of Sendov and Smale",
    pages = "353-369",
    year = "2002"
    }
    
 @article{QR2002,
    author = "Q. Rahman and G. Schmeisser",
    title = "Analytic theory of polynomials",
    journal = "London Mathematical Society Monographs",
    year = "2002"
    }
    
 @article{SS1981,
    author = "Steve Smale",
    title = "The fundamental theorem of algebra and complexity theory",
    journal = "Bulletin of the American Mathematical Society",
    volume = "4",
    number = "1",
    pages = "1-33",
    year = "1981"
    }
    
 @book{AB1991,
    author = "Alan Beardon",
    title = "Iteration of Rational Functions",
    publisher = "Springer-Verlad, New York",
    series = "Graduate Texts in Mathematics",
    number = "132",
    ISBN = "0-387-97589-6",
    pages = "110-122",
    year = "1991"
    }
    
 @article{TN2003,
    author = "T.W. Ng",
    title = "Smale's Mean Value Conjecture for Odd Polynomials",
    journal = "Journal of the Australian Mathematical Society",
    volume = "75",
    number = "3",
    pages = "409-411",
    year = "2003"
    }
    
    
    
    
    